% This file was created with JabRef 2.10b2.
% Encoding: UTF-8


@Book{DBLP:books/sp/HarderR01,
  Title                    = {{Datenbanksysteme: Konzepte und Techniken der Implementierung}},
  Author                   = {Theo Härder and Erhard Rahm},
  Publisher                = {Springer},
  Year                     = {2001},

  Bibsource                = {DBLP, http://dblp.uni-trier.de},
  ISBN                     = {3-540-42133-5}
}


@article{poloclub-diffusiondb,
  title = {{{DiffusionDB}}: {{A}} Large-Scale Prompt Gallery Dataset for Text-to-Image Generative Models},
  author = {Wang, Zijie J. and Montoya, Evan and Munechika, David and Yang, Haoyang and Hoover, Benjamin and Chau, Duen Horng},
  year = {2022},
  journal = {arXiv:2210.14896 [cs]},
  url = {https://arxiv.org/abs/2210.14896}
}

@article{getty,
  title = {Getty Images is suing the creators of AI art tool Stable Diffusion for scraping its content},
  author = {James Vincent},
  year = {2023},
  url = {https://www.theverge.com/2023/1/17/23558516/ai-art-copyright-stable-diffusion-getty-images-lawsuit}
}

@article{colorado,
  title = {Art Made With Artificial Intelligence Wins at State Fair},
  author = {Sarah Kuta},
  year = {2022},
  url = {https://www.smithsonianmag.com/smart-news/artificial-intelligence-art-wins-colorado-state-fair-180980703/}
}

@misc{lexica,
  title = {Lexica Art},
  howpublished = {\url{https://lexica.art/}},
  note = {Accessed: 2023-03-02}
}

% LAION is a dataset similar to the ones used by Stable diffusion
@misc{LAION,
  doi = {10.48550/ARXIV.2210.08402},
  url = {https://arxiv.org/abs/2210.08402},
  author = {Schuhmann, Christoph and Beaumont, Romain and Vencu, Richard and Gordon, Cade and Wightman, Ross and Cherti, Mehdi and Coombes, Theo and Katta, Aarush and Mullis, Clayton and Wortsman, Mitchell and Schramowski, Patrick and Kundurthy, Srivatsa and Crowson, Katherine and Schmidt, Ludwig and Kaczmarczyk, Robert and Jitsev, Jenia},
  keywords = {Computer Vision and Pattern Recognition (cs.CV), Artificial Intelligence (cs.AI), Machine Learning (cs.LG), FOS: Computer and information sciences, FOS: Computer and information sciences},
  title = {LAION-5B: An open large-scale dataset for training next generation image-text models},
  publisher = {arXiv},
  year = {2022},
  copyright = {Creative Commons Attribution 4.0 International}
}

@misc{ramesh,
  doi = {10.48550/ARXIV.2204.06125},
  url = {https://arxiv.org/abs/2204.06125},
  author = {Ramesh, Aditya and Dhariwal, Prafulla and Nichol, Alex and Chu, Casey and Chen, Mark},
  keywords = {Computer Vision and Pattern Recognition (cs.CV), FOS: Computer and information sciences, FOS: Computer and information sciences},
  title = {Hierarchical Text-Conditional Image Generation with CLIP Latents},
  publisher = {arXiv},
  year = {2022},
  copyright = {Creative Commons Attribution 4.0 International}
}


@misc{sd-fr,
  url = {https://stablediffusion.fr/artist},
  title = {Stable Diffusion artist list},
  year = {2023}
}

@misc{thelist,
  url = {https://docs.google.com/spreadsheets/d/14xTqtuV3BuKDNhLotB_d1aFlBGnDJOY0BRXJ8-86GpA},
  author = {https://twitter.com/proximasan, https://twitter.com/KyrickYoung, https://twitter.com/sureailabs},
  title = {Image Synthesis Style Studies Database (The List)},
  year = {2023},
  copyright = {CC0 1.0 Universal (CC0 1.0) Public Domain Dedication},
  note = {Project Webpage https://proximacentaurib.notion.site/proximacentaurib/parrot-zone-74a5c04d4feb4f12b52a41fc8750b205}
}
https://docs.google.com/spreadsheets/d/14xTqtuV3BuKDNhLotB_d1aFlBGnDJOY0BRXJ8-86GpA


@InProceedings{sd,
    author    = {Rombach, Robin and Blattmann, Andreas and Lorenz, Dominik and Esser, Patrick and Ommer, Bj\"orn},
    title     = {High-Resolution Image Synthesis With Latent Diffusion Models},
    booktitle = {Proceedings of the IEEE/CVF Conference on Computer Vision and Pattern Recognition (CVPR)},
    month     = {June},
    year      = {2022},
    pages     = {10684-10695}
}

@misc{sd,
  doi = {10.48550/ARXIV.2112.10752},
  url = {https://arxiv.org/abs/2112.10752},
  author = {Rombach, Robin and Blattmann, Andreas and Lorenz, Dominik and Esser, Patrick and Ommer, Björn},
  keywords = {Computer Vision and Pattern Recognition (cs.CV), FOS: Computer and information sciences, FOS: Computer and information sciences},
  title = {High-Resolution Image Synthesis with Latent Diffusion Models},
  publisher = {arXiv},
  year = {2021},
  copyright = {arXiv.org perpetual, non-exclusive license}
}


@misc{design-guidelines,
  doi = {10.48550/ARXIV.2109.06977},
  url = {https://arxiv.org/abs/2109.06977},
  author = {Liu, Vivian and Chilton, Lydia B.},
  keywords = {Human-Computer Interaction (cs.HC), FOS: Computer and information sciences, FOS: Computer and information sciences},
  title = {Design Guidelines for Prompt Engineering Text-to-Image Generative Models},
  publisher = {arXiv},
  year = {2021},
  copyright = {Creative Commons Attribution 4.0 International}
}

@misc{investigating,
  doi = {10.48550/ARXIV.2211.15462},
  url = {https://arxiv.org/abs/2211.15462},
  author = {Witteveen, Sam and Andrews, Martin},
  keywords = {Computer Vision and Pattern Recognition (cs.CV), Artificial Intelligence (cs.AI), Computation and Language (cs.CL), FOS: Computer and information sciences, FOS: Computer and information sciences},
  title = {Investigating Prompt Engineering in Diffusion Models},
  publisher = {arXiv},
  year = {2022},
  copyright = {arXiv.org perpetual, non-exclusive license}
}

@misc{chatgpt-prompt-patterns,
  doi = {10.48550/ARXIV.2302.11382},
  url = {https://arxiv.org/abs/2302.11382},
  author = {White, Jules and Fu, Quchen and Hays, Sam and Sandborn, Michael and Olea, Carlos and Gilbert, Henry and Elnashar, Ashraf and Spencer-Smith, Jesse and Schmidt, Douglas C.},
  keywords = {Software Engineering (cs.SE), Artificial Intelligence (cs.AI), FOS: Computer and information sciences, FOS: Computer and information sciences},
  title = {A Prompt Pattern Catalog to Enhance Prompt Engineering with ChatGPT},
  publisher = {arXiv},
  year = {2023},
  copyright = {arXiv.org perpetual, non-exclusive license}
}

@misc{ccp,
  title = {Cargo cult programming},
  howpublished = {\url{https://en.wikipedia.org/wiki/Cargo_cult_programming}},
  note = {Accessed: 2023-03-10}
}

@misc{wikipedia-styles,
  title = {List of art movements},
  howpublished = {\url{https://en.wikipedia.org/wiki/List_of_art_movements}},
  note = {Accessed: 2023-03-11}
}

@misc{dominating,
  url = {https://www.technologyreview.com/2022/09/16/1059598/this-artist-is-dominating-ai-generated-art-and-hes-not-happy-about-it/},
  author = {Melissa Heikkilä},
  title = {This artist is dominating AI-generated art. And he's not happy about it.},
  publisher = {MIT Technology Review},
  year = {2022}
}

@misc{no-ai-art,
  url = {https://www.artstation.com/artwork/g8E2xZ},
  author = {Greg Rutkowski},
  title = {NO TO AI GENERATED IMAGES},
  publisher = {ArtStation},
  year = {2022}
}

@misc{midjourney,
  url = {https://www.midjourney.com/},
  publisher = {Midjourney},
  note = {Accessed: 2023-03-10}
}

@misc{stable-diffusion,
  url = {https://huggingface.co/spaces/stabilityai/stable-diffusion},
  publisher = {Stability AI},
  note = {Accessed: 2023-03-10}
}